@article{Anbil2020,
  title={What Happened in Money Markets in September 2019?},
  author={Anbil, Sriya and Anderso, Anlyssa and Senyuz, Zeynep},
  journal={FEDS Notes},
  year={2020},
  publisher={Washington: Board of Governors of the Federal Reserve System}
}

@book{HynAth2021,
  title={Forecasting: principles and practice},
  author={Hyndman, Rob and Athanasopoulos, George},
  year={2021},
  publisher={OTexts}
}

@book{Tsay2005,
  title={Analysis of financial time series},
  author={Tsay, Ruey S},
  year={2005},
  publisher={John Wiley \& sons}
}

@book{HynEtAl2008,
  title={Forecasting with exponential smoothing: the state space approach},
  author={Hyndman, Rob and Koehler, Anne B and Ord, J Keith and Snyder, Ralph D},
  year={2008},
  publisher={Springer Science \& Business Media}
}

@article{TayLet2018,
author = {Sean J. Taylor and Benjamin Letham},
title = {Forecasting at Scale},
journal = {The American Statistician},
volume = {72},
number = {1},
pages = {37-45},
year  = {2018},
publisher = {Taylor & Francis},
}

@article{DeLEtAl2011,
  title={Forecasting time series with complex seasonal patterns using exponential smoothing},
  author={De Livera, Alysha M and Hyndman, Rob J and Snyder, Ralph D},
  journal={Journal of the American statistical association},
  volume={106},
  number={496},
  pages={1513--1527},
  year={2011},
  publisher={Taylor \& Francis}
}

@article{Bol1986,
  title={Generalized autoregressive conditional heteroskedasticity},
  author={Bollerslev, Tim},
  journal={Journal of econometrics},
  volume={31},
  number={3},
  pages={307--327},
  year={1986},
  publisher={Elsevier}
}
@article{GloEtAl1993,
  title={On the relation between the expected value and the volatility of the nominal excess return on stocks},
  author={Glosten, Lawrence R and Jagannathan, Ravi and Runkle, David E},
  journal={The journal of finance},
  volume={48},
  number={5},
  pages={1779--1801},
  year={1993},
  publisher={Wiley Online Library}
}

@article{Nel1991,
  title={Conditional heteroskedasticity in asset returns: A new approach},
  author={Nelson, Daniel B},
  journal={Econometrica: Journal of the Econometric Society},
  pages={347--370},
  year={1991},
  publisher={JSTOR}
}

@article{HynEtAl2011,
title = {Optimal combination forecasts for hierarchical time series},
journal = {Computational Statistics \& Data Analysis},
volume = {55},
number = {9},
pages = {2579-2589},
year = {2011},
author = {Rob J. Hyndman and Roman A. Ahmed and George Athanasopoulos and Han Lin Shang}
}

@article{WicEtAl2019,
  title={Optimal forecast reconciliation for hierarchical and grouped time series through trace minimization},
  author={Wickramasuriya, Shanika L and Athanasopoulos, George and Hyndman, Rob J},
  journal={Journal of the American Statistical Association},
  volume={114},
  number={526},
  pages={804--819},
  year={2019},
  publisher={Taylor \& Francis}
}
@article{SamSek2017,
  title={Model confidence sets and forecast combination},
  author={Samuels, Jon D and Sekkel, Rodrigo M},
  journal={International Journal of Forecasting},
  volume={33},
  number={1},
  pages={48--60},
  year={2017},
  publisher={Elsevier}
}


@article{Win1972,
  title={A decision-theoretic approach to interval estimation},
  author={Winkler, Robert L},
  journal={Journal of the American Statistical Association},
  volume={67},
  number={337},
  pages={187--191},
  year={1972},
  publisher={Taylor \& Francis}
}


@article{HanEtAl2011,
  title={The model confidence set},
  author={Hansen, Peter R and Lunde, Asger and Nason, James M},
  journal={Econometrica},
  volume={79},
  number={2},
  pages={453--497},
  year={2011},
  publisher={Wiley Online Library}
}

@article{PanEtAl2021,
title = {Forecast reconciliation: A geometric view with new insights on bias correction},
journal = {International Journal of Forecasting},
volume = {37},
number = {1},
pages = {343-359},
year = {2021},
author = {Anastasios Panagiotelis and George Athanasopoulos and Puwasala Gamakumara and Rob J. Hyndman}
}

@Manual{R2020,
   title = {R: A Language and Environment for Statistical Computing},
   author = {{R Core Team}},
   organization = {R Foundation for Statistical Computing},
   address = {Vienna, Austria},
   year = {2020},
   url = {https://www.R-project.org/},
}
  @Manual{ForPac,
    title = {{forecast}: Forecasting functions for time series and linear models},
    author = {Rob Hyndman and George Athanasopoulos and Christoph Bergmeir and Gabriel Caceres and Leanne Chhay and Mitchell O'Hara-Wild and Fotios Petropoulos and Slava Razbash and Earo Wang and Farah Yasmeen},
    year = {2022},
    note = {R package version 8.16},
    url = {https://pkg.robjhyndman.com/forecast/},
  }
  
    @Article{HynKha2008,
    title = {Automatic time series forecasting: the forecast package for {R}},
    author = {Rob J Hyndman and Yeasmin Khandakar},
    journal = {Journal of Statistical Software},
    volume = {26},
    number = {3},
    pages = {1--22},
    year = {2008},
    doi = {10.18637/jss.v027.i03},
  }
  
@article{Tim2006,
  title={Forecast combinations},
  author={Timmermann, Allan},
  journal={Handbook of economic forecasting},
  volume={1},
  pages={135--196},
  year={2006},
  publisher={Elsevier}
}
@article{SmiWal2009,
  title={A simple explanation of the forecast combination puzzle},
  author={Smith, Jeremy and Wallis, Kenneth F},
  journal={Oxford Bulletin of Economics and Statistics},
  volume={71},
  number={3},
  pages={331--355},
  year={2009},
  publisher={Wiley Online Library}
}

  @Manual{MCSpac,
    title = {MCS: Model Confidence Set Procedure},
    author = {Leopoldo Catania and Mauro Bernardi},
    year = {2017},
    note = {R package version 0.1.3},
    url = {https://CRAN.R-project.org/package=MCS},
  }
@Manual{rugpac,
    title = {rugarch: Univariate GARCH models.},
    author = {Alexios Ghalanos},
    year = {2022},
    note = {R package version 1.4-8.},
  }
  
@article{PanEtAl2020,
  title={Probabilistic forecast reconciliation: Properties, evaluation and score optimisation},
  author={Panagiotelis, Anastasios and Gamakumara, Puwasala and Athanasopoulos, George and Hyndman, Rob J and others},
  journal={Monash econometrics and business statistics working paper series},
  volume={26},
  pages={20},
  year={2020}
}

@article{CabEtAl2009,
  title={Modelling the daily banknotes in circulation in the context of the liquidity management of the European Central Bank},
  author={Cabrero, Alberto and Camba-Mendez, Gonzalo and Hirsch, Astrid and Nieto, Fernando},
  journal={Journal of Forecasting},
  volume={28},
  number={3},
  pages={194--217},
  year={2009},
  publisher={Wiley Online Library}
}
@article{Bin2001,
  title={Central bank forecasts of liquidity factors: quality, publication and the control of the overnight rate},
  author={Bindseil, Ulrich},
  journal={Publication and the Control of the Overnight Rate (July 2001)},
  year={2001}
}
@book{VeyGuo2019,
  title={Autonomous Factor Forecast Quality: The Case of the Eurosystem},
  author={Veyrune, Mr Romain M and Guo, Shaoyu},
  year={2019},
  publisher={International Monetary Fund}
}

@article{Gray2008,
  title={Liquidity forecasting},
  author={Gray, Simon},
  journal={Handbook},
  year={2008},
  publisher={Centre for Central Banking Studies, Bank of England}
}



